<?xml version="1.0" encoding="UTF-8"?><collection xmlns="http://www.loc.gov/MARC21/slim"><record><leader>00383nam--2200133-i-4500</leader><controlfield tag="001">000015676</controlfield><controlfield tag="002">20161230</controlfield><controlfield tag="005">20170305182723</controlfield><controlfield tag="008">060222s1000------------r-----000-0-eng-d</controlfield><datafield ind1=" " ind2=" " tag="245"><subfield code="a">Cssm sudarea metalelor. Culegere de standarde comentate. Vol.VII completari la vol.I-IV</subfield></datafield><datafield ind1=" " ind2=" " tag="260"><subfield code="a">Bucuresti</subfield><subfield code="b">Oidcm</subfield><subfield code="c">1985</subfield></datafield><datafield ind1=" " ind2=" " tag="300"><subfield code="a">198 p</subfield></datafield><datafield ind1=" " ind2=" " tag="852"><subfield code="a">621.791(083.7)</subfield></datafield><datafield ind1=" " ind2=" " tag="CAT"><subfield code="a">SYS</subfield><subfield code="c">20170305</subfield><subfield code="h">182723</subfield></datafield></record></collection>